<?xml version="1.0" encoding="UTF-8"?><collection xmlns="http://www.loc.gov/MARC21/slim"><record><leader>00639nam--2200181-i-4500</leader><controlfield tag="001">000029283</controlfield><controlfield tag="002">20161230</controlfield><controlfield tag="005">20161230201037</controlfield><controlfield tag="008">060222s1000------------r-----000-0-eng-d</controlfield><datafield ind1=" " ind2=" " tag="040"><subfield code="a">IFIN-HH</subfield></datafield><datafield ind1=" " ind2=" " tag="080"><subfield code="a">539.14(083):53.081</subfield></datafield><datafield ind1="1" ind2=" " tag="100"><subfield code="a">Kunz, W</subfield></datafield><datafield ind1="1" ind2="0" tag="245"><subfield code="a">Tabellen der atomkerne. teil i. eigenschaften der atomkerne. band 1. die elemente neutron bis zinn. nclear tables. first part. nuclear properties vol. one. the elements from neutron to tin</subfield><subfield code="c">W. kunz, j. schintlmeister</subfield></datafield><datafield ind1=" " ind2=" " tag="260"><subfield code="a">Oxford</subfield><subfield code="b">Pergamon Press</subfield><subfield code="c">1963</subfield></datafield><datafield ind1=" " ind2=" " tag="300"><subfield code="a">XXXIII+467P</subfield></datafield><datafield ind1="1" ind2=" " tag="700"><subfield code="a">Schintlmeister, J</subfield></datafield><datafield ind1=" " ind2=" " tag="852"><subfield code="a">6691</subfield><subfield code="c">53.081</subfield></datafield><datafield ind1=" " ind2=" " tag="CAT"><subfield code="a">Sys</subfield><subfield code="c">20151030</subfield><subfield code="h">102107</subfield></datafield></record></collection>